@misc{altium-designer,
  title={site},
  author = {ALTIUM DESIGNER},
  howpublished = {\url{https://www.altium.com/}},
  note = {Acessado: 2022-11-01}
}

@misc{microchip-mcus,
  title={Microcontrollers and Microprocessors},
  author = {Microchip},
  howpublished = {\url{https://www.microchip.com/en-us/products/microcontrollers-and-microprocessors}},
  note = {Acessado: 2022-11-01}
}

@misc{esp-devkits,
  title={Development Boards},
  author = {ESPRESSIF},
  howpublished = {\url{https://www.espressif.com/en/products/devkits}},
  note = {Acessado: 2022-11-01}
}

@misc{whatis-lorawan,
  title = {What is {LoRaWAN®} Specification},
  author={{LoRa} Alliance},
  howpublished = {\url{https://lora-alliance.org/about-lorawan/}},
  note = {Acessado: 2022-11-01}
}

@misc{calang-io,
  title = {Empresa Júnior de Ciência da Computação},
  author={Calang.io},
  howpublished = {\url{https://www.instagram.com/calang.io_ej/}},
  note = {Acessado: 2022-11-01}
}

@misc{grupo-mesor,
  title = {Grupo de Estudo em Modelagem Estatística, Simulação e Otimização de Risco},
  author={MESOR},
  howpublished = {\url{http://dgp.cnpq.br/dgp/espelhogrupo/1630806732793058}},
  note = {Acessado: 2022-11-01}
}

@misc{grupo-calango,
  title = {Grupo de Estudo em Complexidade e Algoritmos em Grafos},
  author={CALANGO},
  howpublished = {\url{http://dgp.cnpq.br/dgp/espelhogrupo/5805663469299532}},
  note = {Acessado: 2022-11-01}
}

@misc{build-matter,
  title = {Build With Matter},
  author={Matter},
  howpublished = {\url{https://csa-iot.org/all-solutions/matter/}},
  note = {Acessado: 2022-11-01}
}

@misc{tiobe-index,
  title = {TIOBE index},
  author={TIOBE},
  howpublished = {\url{https://www.tiobe.com/tiobe-index/}},
  note = {Acessado: 2022-11-01}
}

@book{tanenbaum2016structured,
  title={Structured computer organization},
  author={Tanenbaum, Andrew S},
  year={2016},
  publisher={Pearson Education India}
}

@article{weiser1991computer,
  title={The Computer for the 21 st Century},
  author={Weiser, Mark},
  journal={Scientific american},
  volume={265},
  number={3},
  pages={94--105},
  year={1991},
  publisher={JSTOR}
}

@article{Garzão_Gonçales_Barbosa_2014,
    title={Um modelo de programação orientado ao desenvolvimento de sistemas ubíquos},
    volume={6},
    url={http://seer.upf.br/index.php/rbca/article/view/3447},
    DOI={10.5335/rbca.2014.3447}, number={1},
    journal={Revista Brasileira de Computação Aplicada},
    author={Garzão, Alex and Gonçales, Lucian and Barbosa, Jorge},
    year={2014},
    month={abr.},
    pages={95-107}
}